@ARTICLE{anterior,
   author = {J. Riveros, S. Poblete},
   title = {Sistema Solar},
   year = {2008},
}

@online{astronomia,
    author = {Astromia.com},
    title = {Astronom√≠a Educativa: Tierra, Sistema Solar y Universo},
    year = {Diciembre 15, 2014.},
    url = {http://www.astromia.com/solar/nubeoort.htm}  
}

@online{enciclopedia,
    author = {Enciclopedia},
    title = {Enciclopedia},
    year = {Diciembre 1, 2009.},
    url = {http://enciclopedia.us.es/index.php/Elipse}  
}

@online{opengl,
    author = {OpenGL},
    title = {OpenGL Overview},
    year = {Diciembre 15, 2014.},
    url = {https://www.opengl.org/about/}
}

@online{glrotate,
    author = {OpenGL},
    title = {glRotate - OpenGL},
    year = {Diciembre 15, 2014.},
    howpublished = "\url{https://www.opengl.org/sdk/docs/man2/xhtml/glRotate.xml}"
}

@online{gltranslate,
    author = {OpenGL},
    title = {glTranslate - OpenGL},
    year = {Diciembre 15, 2014.},
    howpublished = "\url{https://www.opengl.org/sdk/docs/man2/xhtml/glTranslate.xml}"
}

@online{glulookat,
    author = {OpenGL},
    title = {gluLookAt - OpenGL},
    year = {Diciembre 15, 2014.},
    howpublished = "\url{https://www.opengl.org/sdk/docs/man2/xhtml/gluLookAt.xml}"
}

@online{far,
    author = {Ethan Siegel},
    title = {The Far Future of our Solar System},
    year = {Enero 2, 2014.},
    howpublished = "\url{https://medium.com/starts-with-a-bang/the-far-future-of-our-solar-system-31d05b036596}"
}

@online{skybox,
    author = {Jiadi YANG},
    title = {Treasure Hunting},
    year = {Diciembre 15, 2014.},
    howpublished = "\url{http://www.cs.ucla.edu/~jdyang/CS274C_project_report.pdf}"
}

@online{skybox2,
    author = {Atspace},
    title = {Tutorial 25 - SkyBox},
    year = {Diciembre 15, 2014.},
    howpublished = "\url{http://ogldev.atspace.co.uk/www/tutorial25/tutorial25.html}"
}

@Book{foley,
	author = {Foley, James},
	title = {Computer graphics : principles and practice},
	publisher = {Addison-Wesley},
	year = {1995},
	address = {Reading, Mass},
	isbn = {0201848406}
}

@article{Baker2015,
author = {Robert G.V. Baker},
title = "The Sun-Earth connect 1: A fractional -matrix of solar emissions compared to spectral analysis evidence of solar measurements and climate proxies ",
year = "2015",
issn = "0378-4371",
howpublished = "\url{http://www.sciencedirect.com/science/article/pii/S0378437115008420}"
}
